@article{CS231n,
	title = {CS231n, Stanford University},
	journal = {winter},
	author = {Fei-Fei Li, Andrej Karpathy and Justin Johnson},
	year = {2016},
}